
@misc{noauthor_cuentas_nodate,
	title = {Cuentas nacionales},
	url = {https://www.dane.gov.co/index.php/estadisticas-por-tema/cuentas-nacionales},
	urldate = {2020-06-29},
	file = {Cuentas nacionales:/home/chava/Zotero/storage/TFGQKQU4/cuentas-nacionales.html:text/html}
}

@article{naranjo_industria_nodate,
	title = {La industria manufacturera colombiana en la economía mundial},
	language = {es},
	author = {Naranjo, Germán Fracica},
	pages = {40},
	file = {Naranjo - La industria manufacturera colombiana en la econom.pdf:/home/chava/Zotero/storage/SUC8STWM/Naranjo - La industria manufacturera colombiana en la econom.pdf:application/pdf}
}

@article{urrutia_perspectivas_1990,
	title = {Perspectivas del sector servicios en {Colombia}},
	url = {http://www.repository.fedesarrollo.org.co/handle/11445/1200},
	abstract = {"Mario Calderón, al discutir las megatendencias en nuestro futuro, y las características de la sociedad post industrial que postuló Daniel Bell, concluye que "para la gran mayoría de los países del tercer mundo se plantea una transisión brutal de una economía de subsistencia a una sociedad post industrial, sin haber vivido siquiera las apariencias de una evolución industrial."},
	language = {en},
	urldate = {2020-06-30},
	author = {Urrutia, Miguel},
	month = jun,
	year = {1990},
	file = {Full Text PDF:/home/chava/Zotero/storage/L2E5BMKL/Urrutia - 1990 - Perspectivas del sector servicios en Colombia.pdf:application/pdf;Snapshot:/home/chava/Zotero/storage/436WK9AJ/1200.html:text/html}
}

@misc{noauthor_econominaranja_nodate,
	title = {Economía {Naranja}},
	url = {https://www.economianaranja.gov.co/},
	urldate = {2020-07-01}
}

@article{pillac_review_2013,
	title = {A review of dynamic vehicle routing problems},
	volume = {225},
	doi = {10.1016/j.ejor.2012.08.015},
	abstract = {A number of technological advances have led to a renewed interest in dynamic vehicle routing problems. This survey classifies routing problems from the perspective of information quality and evolution. After presenting a general description of dynamic routing, we introduce the notion of degree of dynamism, and present a comprehensive review of applications and solution methods for dynamic vehicle routing problems.},
	journal = {European Journal of Operational Research},
	author = {Pillac, Victor and Gendreau, Michel and Guéret, Christelle and Medaglia, Andrés},
	month = feb,
	year = {2013},
	pages = {1--11},
	file = {Full Text PDF:/home/chava/Zotero/storage/XPPRZF53/Pillac et al. - 2013 - A review of dynamic vehicle routing problems.pdf:application/pdf}
}

@article{gomez2014metaheuristicas,
  title={Las metaheur{\'\i}sticas: tendencias actuales y su aplicabilidad en la ergonom{\'\i}a},
  author={G{\'o}mez, Mervyn M{\'a}rquez},
  journal={Ingenier{\'\i}a Industrial. Actualidad y Nuevas Tendencias},
  volume={4},
  number={12},
  pages={108--120},
  year={2014},
  publisher={Universidad de Carabobo}
}

@article{montoya2010situacion,
  title={Situaci{\'o}n de la competitividad de las Pyme en Colombia: elementos actuales y retos},
  author={Montoya, Alexandra and Montoya, Iv{\'a}n and Castellanos, Oscar},
  journal={Agronom{\'\i}a colombiana},
  volume={28},
  number={1},
  pages={107--117},
  year={2010},
  publisher={Universidad Nacional de Colombia}
}

@article{erdogan_open_2017,
	title = {An open source {Spreadsheet} {Solver} for {Vehicle} {Routing} {Problems}},
	volume = {84},
	issn = {0305-0548},
	url = {http://www.sciencedirect.com/science/article/pii/S0305054817300552},
	doi = {10.1016/j.cor.2017.02.022},
	abstract = {The Vehicle Routing Problem (VRP) is one of the most frequently encountered optimization problems in logistics, which aims to minimize the cost of transportation operations by a fleet of vehicles operating out of a base. This paper introduces VRP Spreadsheet Solver, an open source Excel based tool for solving many variants of the Vehicle Routing Problem (VRP). Case studies of two real-world applications of the solver from the healthcare and tourism sectors that demonstrate its use are presented. The solution algorithm for the solver, and computational results on benchmark instances from the literature are provided. The solver is found to be capable of solving Capacitated VRP and Distance-Constrained VRP instances with up to 200 customers within 1 h of CPU time.},
	language = {en},
	urldate = {2020-07-01},
	journal = {Computers \& Operations Research},
	author = {Erdoğan, Güneş},
	month = aug,
	year = {2017},
	keywords = {Metaheuristics, Open source software, Spreadsheets, Vehicle Routing Problem},
	pages = {62--72},
	file = {ScienceDirect Full Text PDF:/home/chava/Zotero/storage/2E89PMHC/Erdoğan - 2017 - An open source Spreadsheet Solver for Vehicle Rout.pdf:application/pdf;ScienceDirect Snapshot:/home/chava/Zotero/storage/KLFS88E7/S0305054817300552.html:text/html}
}

@article{gavalas_survey_2014,
	title = {A survey on algorithmic approaches for solving tourist trip design problems},
	volume = {20},
	issn = {1572-9397},
	url = {https://doi.org/10.1007/s10732-014-9242-5},
	doi = {10.1007/s10732-014-9242-5},
	abstract = {The tourist trip design problem (TTDP) refers to a route-planning problem for tourists interested in visiting multiple points of interest (POIs). TTDP solvers derive daily tourist tours, i.e., ordered visits to POIs, which respect tourist constraints and POIs attributes. The main objective of the problem discussed is to select POIs that match tourist preferences, thereby maximizing tourist satisfaction, while taking into account a multitude of parameters and constraints (e.g., distances among POIs, visiting time required for each POI, POIs visiting days/hours, entrance fees, weather conditions) and respecting the time available for sightseeing on a daily basis. The aim of this work is to survey models, algorithmic approaches and methodologies concerning tourist trip design problems. Recent approaches are examined, focusing on problem models that best capture a multitude of realistic POIs attributes and user constraints; further, several interesting TTDP variants are investigated. Open issues and promising prospects in tourist trip planning research are also discussed.},
	language = {en},
	number = {3},
	urldate = {2020-07-01},
	journal = {Journal of Heuristics},
	author = {Gavalas, Damianos and Konstantopoulos, Charalampos and Mastakas, Konstantinos and Pantziou, Grammati},
	month = jun,
	year = {2014},
	pages = {291--328}
}

@misc{noauthor_or-tools_nodate,
	title = {{OR}-{Tools}},
	url = {https://developers.google.com/optimization},
  howpublished = {\url{https://developers.google.com/optimization}}
	abstract = {The OR-Tools suite provides operations research software libraries and APIs for constraint optimization, linear optimization, and flow and graph algorithms.},
	language = {en},
	urldate = {2020-07-01},
  note = {Consultado en 2020-07-01}
	journal = {Google Developers},
	file = {Snapshot:/home/chava/Zotero/storage/IXXWCDFE/optimization.html:text/html}
}